@article{jourdan2008business,
  title={Business intelligence: An analysis of the literature},
  author={Jourdan, Zbigniew and Rainer, R Kelly and Marshall, Thomas E},
  journal={Information Systems Management},
  volume={25},
  number={2},
  pages={121--131},
  year={2008},
  publisher={Taylor \& Francis},
  doi={10.1080/10580530801941512}
}

@book{few2009now,
  title={Now you see it: simple visualization techniques for quantitative analysis},
  author={Few, Stephen},
  year={2009},
  publisher={Analytics Press}
}

@book{aspin2019high,
  title={High Impact Data Visualization with Power View, Power Map, and Power BI},
  author={Aspin, Adam},
  year={2019},
  publisher={Apress}
}

@inproceedings{shneiderman1996eyes,
  title={The eyes have it: A task by data type taxonomy for information visualizations},
  author={Shneiderman, Ben},
  booktitle={Proceedings of the IEEE Symposium on Visual Languages},
  pages={336--343},
  year={1996},
  organization={IEEE Computer Society}
}

@book{ware2012information,
  title={Information visualization: perception for design},
  author={Ware, Colin},
  year={2012},
  publisher={Morgan Kaufmann}
}

@misc{ortiz2021importancia,
  title={Importancia y ventajas de los KPI (Key Performance Indicators) en los proyectos: enfoque de procesos en el sector petrolero},
  author={Ortiz Buitrago, V and Pardo L{\'o}pez, HF},
  year={2021},
  howpublished={\url{https://repository.upb.edu.co/handle/20.500.11912/9609}}
}

@misc{bp2023statistical,
  title={Statistical Review of World Energy 2023},
  author={{BP Statistical Review of World Energy}},
  year={2023},
  howpublished={\url{https://www.bp.com/statisticalreview}}
}

@book{eckerson2010performance,
  title={Performance dashboards: Measuring, monitoring, and managing your business},
  author={Eckerson, Wayne W},
  year={2010},
  publisher={John Wiley \& Sons}
}

@book{anh2022informe,
  title={Informe de gesti{\'o}n de 2022},
  author={{Agencia Nacional de Hidrocarburos}},
  year={2022},
  address={Bogot{\'a}},
  publisher={ANH}
}

@misc{seo2023onetomarket,
  title={Las 3 V del Big Data},
  author={{Agencia SEO}},
  year={2023},
  howpublished={\url{https://onetomarket.es/analitica/las-3-v-del-big-data/}}
}

@misc{anmolkoul2015interactive,
  title={Interactive data visualization using D3.js, dc.js, Node.js, and MongoDB},
  author={{Anmolkoul}},
  year={2015},
  month={June},
  day={5},
  howpublished={\url{https://anmolkoul.wordpress.com/2015/06/05/interactive-data-visualization-using-d3-js-dc-js-nodejs-and-mongodb/}}
}

@book{bikakis2018big,
  title={Big Data Visualization Tools},
  author={Bikakis, Nikolaos},
  year={2018},
  publisher={Springer}
}

@book{blanco2022optimizacion,
  title={OPTIMIZACI{\'O}N DE FUNCIONALIDADES DE VISUALIZACI{\'O}N DE CURVAS DE PERFORACI{\'O}N DEL APLICATIVO ECOAGE WEB},
  author={Blanco Guerrero, Elizabeth and Barrera Castellanos, Diego},
  year={2022},
  address={Bucaramanga},
  publisher={Universidad Aut{\'o}noma de Bucaramanga}
}

@misc{botelho2023big,
  title={Big data is the fuel for today's analytics applications},
  author={Botelho, Brian and Bigelow, Stephen},
  year={2023},
  howpublished={\url{https://www.techtarget.com/}}
}

@book{bustamante2021modelamiento,
  title={Modelamiento Dimensional De La Informaci{\'o}n De Producci{\'o}n De Crudo De Dos Campos Petroleros Del Grupo Producci{\'o}n De Crudo De Dos Campos Petroleros Del Grupo Para Business Intelligence},
  author={Bustamante, Mar{\'i}a Soledad},
  year={2021},
  address={Quito},
  publisher={Universidad Polit{\'e}cnica Salesiana}
}

@book{cairo2011visualizacion,
  title={Visualizaci{\'o}n de datos: principios y pr{\'a}cticas},
  author={Cairo, Alberto},
  year={2011},
  publisher={Deusto}
}

@inproceedings{caldarola2017big,
  title={Big Data Visualization Tools: A Survey - The New Paradigms, Methodologies and Tools for Large Data Sets Visualization},
  author={Caldarola, E and Rinaldi, A},
  booktitle={6th International Conference on Data Science},
  year={2017},
  organization={DATA 2017}
}

@book{calderon2021construccion,
  title={CONSTRUCCI{\'O}N DE UN GEOVISOR PARA LA PLANEACI{\'O}N DE PROYECTOS DE TRANSMISI{\'O}N EL{\'E}CTRICA DESDE EL PUNTO DE VISTA INMOBILIARIO},
  author={Calder{\'o}n Obando, Carlos Alberto and G{\'o}mez Cuervo, Andr{\'e}s},
  year={2021},
  address={Bogot{\'a}},
  publisher={UNIVERSIDAD DISTRITAL “FRANCISCO JOS{\'E} DE CALDAS”}
}

@article{changwoo2010quality,
  title={Quality control with matching technology in roll to roll printed electronics},
  author={Changwoo, Lee and Kang, Hoon and Kim, Hyun and Duc Nguyen, Huynh},
  journal={Journal of Mechanical Science and Technology},
  year={2010}
}

@misc{d3js2023d3,
  title={d3js.org},
  author={{d3js}},
  year={2023},
  howpublished={\url{https://d3js.org/}}
}

@misc{datacamp2022working,
  title={Working with Geospatial Data},
  author={{Data Camp}},
  year={2022},
  month={November},
  howpublished={\url{https://www.datacamp.com/tutorial/working-with-geospatial-data}}
}

@misc{dynamic2023visualizing,
  title={Visualizing Big Data: Oil and Gas},
  author={{DYNAMIC GRAPHICS INC.}},
  year={2023},
  howpublished={\url{https://www.dgi.com/visualizing-big-data-oil-and-gas/}}
}

@misc{upwork2023best,
  title={Best Data Visualization Tools},
  author={{Equipo de Upwork}},
  year={2023},
  month={June},
  day={20},
  howpublished={\url{https://www.upwork.com/resources/best-data-visualization-tools}}
}

@misc{finaccity2019power,
  title={Power BI for an Upstream Oil \& Gas},
  author={{Finaccity}},
  year={2019},
  howpublished={\url{https://finaccity.com/power-bi-for-an-upstream-oil-gas/}}
}

@article{friendly2004milestones,
  title={Milestones in the History of Data Visualization: A Case Study in Statistical Historiography},
  author={Friendly, Michael},
  year={2004},
  publisher={York University}
}

@misc{garzon2021factores,
  title={Factores cr{\'i}ticos para la implementaci{\'o}n de proyectos que utilizan datos masivos (Big Data) en organizaciones operadoras de la industria del petr{\'o}leo y gas en Colombia},
  author={Garz{\'o}n Santos, C.A. and Su{\'a}rez Chaparro, M.E.},
  year={2021},
  address={Bogot{\'a}},
  publisher={Universidad Nacional de Colombia}
}

@misc{geopark2021reporte,
  title={Reporte SPEED ESG},
  author={{GEOPARK}},
  year={2021}
}

@misc{gonzalez2020how,
  title={How to Use Google Data Studio},
  author={Gonzalez, G.},
  year={2020},
  month={February},
  day={5},
  howpublished={\url{https://cxl.com/blog/how-to-use-google-data-studio/}}
}

@article{gopinath2021safe,
  title={Safe Collaborative Assembly on a Continuously Moving Line with Large Industrial Robots},
  author={Gopinath, V. and Johansena, K. and Derel{\"o}v, M. and Gustafsson, {\AA}. and Axelsson, S.},
  journal={ELSIEVER},
  year={2021}
}

@misc{helical2023data,
  title={Data Visualization: Importance, History, and Benefits},
  author={{Helical Insight}},
  year={2023},
  howpublished={\url{https://www.helicalinsight.com/data-visualization-importance-history-and-benefits/}}
}

@misc{hiller2023data,
  title={Data Analytics Tools},
  author={Hiller, W.},
  year={2023},
  month={May},
  day={9},
  howpublished={\url{https://careerfoundry.com/en/blog/data-analytics/data-analytics-tools/}}
}

@misc{hubspot2023google,
  title={Google Data Studio},
  author={{Hubspot}},
  year={2023},
  howpublished={\url{https://blog.hubspot.es/marketing/google-data-studio}}
}

@misc{javatpoint2023data,
  title={What is Data Visualization},
  author={{Java T Point}},
  year={2023},
  howpublished={\url{https://www.javatpoint.com/what-is-data-visualization}}
}

@article{khurana2013big,
  title={Big Data Visualization Techniques},
  author={Khurana, P. and Saini, S.},
  journal={International Journal of Computer Applications},
  year={2013}
}

@article{kruth1998progress,
  title={Progress in additive manufacturing and rapid prototyping},
  author={Kruth, J.P. and Leu, M.C. and Nakagawa, T.},
  journal={CIRP},
  year={1998}
}

@misc{logicalis2014big,
  title={Big Data, la nueva prioridad para la industra del petr{\'o}leo y el gas},
  author={{Logicalis}},
  year={2014},
  howpublished={\url{https://www.logicalis.com/}}
}

@misc{looker2023support,
  title={Effective Mapping},
  author={{Looker Studio}},
  year={2023},
  howpublished={\url{https://support.google.com/looker-studio/answer/6283323?hl=es}}
}

@book{lopez2023cobertura,
  title={Cobertura IPMP para equipos de superficie Integridad-Est{\'a}tico en empresa de servicios petroleros aguazul, con la asistencia de CMMS SAP-PM},
  author={L{\'o}pez S{\'a}nchez, Z.M.},
  year={2023},
  address={Bucaramanga},
  publisher={Universidad Industrial De Santander}
}

@article{martinez2017como,
  title={C{\'o}mo crear visualizaciones de datos eficaces},
  author={Mart{\'i}nez, M. and Garc{\'i}a, I. and Garc{\'i}a, I. and Gonz{\'a}lez, I.},
  journal={Revista Espa{\~n}ola de Documentaci{\'o}n Cient{\'i}fica},
  year={2017}
}

@book{mattar2019evaluacion,
  title={Evaluaci{\'o}n de herramientas de visualizaci{\'o}n para la explotaci{\'o}n petrolera: Desarrollo de representaciones seg{\'u}n caso de estudio},
  author={Mattar, Luis},
  year={2019},
  address={Neuqu{\'e}n},
  publisher={Universidad Nacional de Comahue}
}

@book{mayer2013big,
  title={Big Data: A Revolution That Will Transform How We Live, Work, and Think},
  author={Mayer-Sch{\"o}nberger, Viktor and Cukier, Kenneth},
  year={2013},
  address={Boston},
  publisher={Houghton Mifflin Harcourt}
}

@misc{microsoft2023powerbi,
  title={Power BI},
  author={{Microsoft PowerBI}},
  year={2023},
  howpublished={\url{https://powerbi.microsoft.com/es-es/}}
}

@article{mohammadpoor2018big,
  title={Big Data analytics in oil and gas industry: An emerging trend},
  author={Mohammadpoor, Mehdi and Torabi, Farid},
  journal={Petroleum},
  year={2018},
  publisher={KeAI}
}

@misc{monaldi2023trazabilidad,
  title={Trazabilidad en Defensa Civil: an{\'a}lisis geoespacial y estad{\'i}stico de los accidentes ocurridos en 2022 en Comodoro Rivadavia},
  author={Monaldi, Daniela and L{\'o}pez, Gabriel and P{\'e}rez, Mart{\'i}n},
  year={2023},
  address={Comodoro},
  publisher={IDERA}
}

@article{nguyen2020systematic,
  title={A Systematic Review of Big Data Analytics for Oil and Gas Industry 4.0},
  author={Nguyen, Thinh and Gosine, Raymond},
  journal={IEEE},
  year={2020}
}

@book{olshannikova2016visualizing,
  title={Visualizing Big Data},
  author={Olshannikova, Ekaterina and Ometov, Aleksandr and Koucheryavy, Yevgeni and Olsson, Thomas},
  year={2016},
  publisher={Springer}
}

@misc{oracle2023big,
  title={What is Big Data?},
  author={{Oracle}},
  year={2023},
  howpublished={\url{https://www.oracle.com/big-data/what-is-big-data/}}
}

@book{orozco2015desarrollo,
  title={Desarrollo de herramientas para la visualizaci{\'o}n de modelos},
  author={Orozco, Andrey Alonso},
  year={2015},
  address={Cartago},
  publisher={Instituto Tecnol{\'o}gico de Costa Rica}
}

@article{pandey2022comparative,
  title={Comparative Study of Data Visualization Tools in Big Data Analysis for Business Intelligence},
  author={Pandey, Abhishek and Sharma, Ishaan and Sacha, Alexander and Madhavan, Sudhakar},
  journal={International Journal of Recent Advances in Science, Engineering and Technology (IJRASET)},
  year={2022}
}

@misc{powerdata2023big,
  title={Herramientas de Business Intelligence},
  author={{PowerData}},
  year={2023},
  howpublished={\url{https://www.powerdata.es/big-data}}
}

@misc{qlik2023difference,
  title={Difference between QlikView and Qlik Sense},
  author={{Qlik}},
  year={2023},
  month={May},
  howpublished={\url{https://help.qlik.com/es-ES/qlikview/May2023/Content/QV_HelpSites/Difference-qlikview-qliksense.htm}}
}

@misc{ramirez2023analisis,
  title={An{\'a}lisis y visualizaci{\'o}n de datos geoespaciales: 6 herramientas gratuitas},
  author={Ram{\'i}rez, Ana and Strand, Kate},
  year={2023},
  howpublished={\url{https://blogs.iadb.org/conocimiento-abierto/es/analizar-visualizar-datos-geoespaciales/}}
}

@book{romero2018propuesta,
  title={PROPUESTA DE IMPLEMENTACI{\'O}N DE UN DASHBOARD PARA EL SEGUIMIENTO DE PROYECTOS EN LA CONSTRUCTORA JEMUR},
  author={Romero Florez, Fredy and Diaz, G and Cardenas Moreno, JJ and G{\'o}mez, JA},
  year={2018},
  address={Bogot{\'a}},
  publisher={Instituci{\'o}n Universitaria Polit{\'e}cnico Grancolombiano}
}

@book{schwabish2021better,
  title={Better Data Visualizations – A Guide for Scholars, Researchers, and Wonks},
  author={Schwabish, Jonathan},
  year={2021},
  address={New York},
  publisher={Columbia University Press}
}

@misc{selda2023qlik,
  title={Qlik GeoAnalytics},
  author={{Selda Inform{\'a}tica}},
  year={2023},
  howpublished={\url{https://www.selda.net/en/prodotto/qlik-geoanalytics/}}
}

@misc{sewal2020geospatial,
  title={Geospatial Dashboards: Bring the ‘Where’ and So Much More to Your Screen},
  author={{Sewal}},
  year={2020},
  month={August},
  day={24},
  howpublished={\url{https://sewall.com/2020/08/24/geospatial-dashboards-bring-the-where-and-so-much-more-to-your-screen/}}
}

@misc{simplilearn2023big,
  title={What is Big Data Analytics?},
  author={{Simplilearn}},
  year={2023},
  month={July},
  day={24},
  howpublished={\url{https://www.simplilearn.com/what-is-big-data-analytics-article}}
}

@misc{tableau2024plataformas,
  title={Encuentre plataformas petroleras continentales y marinas en todo el mundo},
  author={{Tableau}},
  year={2024},
  howpublished={\url{https://www.tableau.com/es-es/solutions/gallery/worldwide-oil-rigs}}
}

@misc{tableau2023effective,
  title={Effective Mapping},
  author={{Tableau From Salesforce}},
  year={2023},
  howpublished={\url{https://www.tableau.com/drive/effective-mapping}}
}

@article{tan_data,
  title={Data Analytics for Effective Project Management in the Oil and Gas Industry},
  author={Tan, Victoria and Aziz, K and Razavi, SH},
  journal={Multimedia University},
  address={Selangor}
}

@article{tange2020systematic,
  title={A Systematic Survey of Industrial Internet of Things Security: Requirements and Fog Computing Opportunities},
  author={Tange, K and De Donno, M and Fafoutis, X and Dragoni, N},
  journal={IEEE},
  year={2020}
}

@misc{tecnologiabi2023herramientas,
  title={Herramientas de Business Intelligence},
  author={{Tecnolog{\'i}aBI}},
  year={2023},
  howpublished={\url{https://tecnologiabi.com/herramientas-de-business-intelligence/#Herramientas_de_visualizacion_de_datos}}
}

@book{tufte2001visual,
  title={The Visual Display of Quantitative Information},
  author={Tufte, Edward R},
  year={2001},
  address={New Haven},
  publisher={Graphics Press}
}

@article{wainer2022origins,
  title={On the Origins of Data Visualization},
  author={Wainer, Howard and Friendly, Michael},
  year={2022},
  publisher={York University}
}

@book{wang2015big,
  title={Big Data: Algorithms, Analytics, and Applications},
  author={Wang, Jay},
  year={2015},
  publisher={Chapman \& Hall}
}

@book{zapata2021herramienta,
  title={HERRAMIENTA INTERACTIVA PARA APLICAR T{\'E}CNICAS DE VISUALIZACI{\'O}N EN AN{\'A}LISIS DE DATOS},
  author={Zapata Ocampo, G.M.},
  year={2021},
  address={Manizales},
  publisher={UNAL}
}

@article{guerrero2022analisis,
  title={An{\'a}lisis comparativo de metodolog{\'i}as y herramientas tecnol{\'o}gicas para procesos de Business Intelligence orientado a la toma de decisiones},
  author={Guerrero Garc{\'i}a, M. J. and Rodas Silva, J.},
  journal={Inform{\'a}tica y Sistemas: Revista de Tecnolog{\'i}as de la Inform{\'a}tica y las Comunicaciones},
  volume={6},
  number={1},
  pages={38--44},
  year={2022},
  doi={10.33936/isrtic.v6i1.4522}
}


@article{tutunea2012business,
  title={Business intelligence solutions for SME's},
  author={Tutunea, M. F. and Rus, R. V.},
  journal={Procedia Economics and Finance},
  volume={3},
  pages={865--870},
  year={2012},
  doi={10.1016/S2212-5671(12)00242-0}
}

@article{jourdan2008business,
  title={Business intelligence: An analysis of the literature},
  author={Jourdan, Z. and Rainer, R. K. and Marshall, T. E.},
  journal={Information Systems Management},
  volume={25},
  number={2},
  pages={121--131},
  year={2008},
  doi={10.1080/10580530801941512}
}

@inproceedings{xu2007research,
  title={Research on Business Intelligence in Enterprise Computing Environment},
  author={Xu, L. and Zeng, L. and Shi, Z. and He, Q. and Wang, M.},
  booktitle={Proceedings of the Sixth International Conference on Systems, Man and Cybernetics},
  year={2007},
  doi={10.1109/ICSMC.2007.4413870}
}


@article{shearer2000crispdm,
  title={The CRISP-DM model: The new blueprint for data mining},
  author={Shearer, Colin},
  journal={Journal of Data Warehousing},
  volume={5},
  number={4},
  pages={13--22},
  year={2000}
}

@inproceedings{wirth2000crispdm,
  title={CRISP-DM: Towards a standard process model for data mining},
  author={Wirth, R{\"u}diger and Hipp, Jochen},
  booktitle={Proceedings of the 4th International Conference on the Practical Application of Knowledge Discovery and Data Mining},
  year={2000}
}

@book{saaty1980analytic,
  title={The Analytic Hierarchy Process},
  author={Saaty, Thomas L.},
  year={1980},
  publisher={McGraw-Hill}
}


@book{saaty1980analytic,
  title={The Analytic Hierarchy Process},
  author={Saaty, Thomas L.},
  year={1980},
  publisher={McGraw-Hill}
}

@article{vaidya2006analytic,
  title={Analytic hierarchy process: An overview of applications},
  author={Vaidya, O. S. and Kumar, S.},
  journal={European Journal of Operational Research},
  volume={169},
  number={1},
  pages={1--29},
  year={2006},
  publisher={Elsevier}
}

@article{saaty2008decision,
  title={Decision Making with the Analytic Hierarchy Process},
  author={Saaty, Thomas L.},
  journal={International Journal of Services Sciences},
  volume={1},
  number={1},
  pages={83--98},
  year={2008},
  publisher={Inderscience Publishers}
}
